<collection xmlns="http://www.loc.gov/MARC21/slim">
<record>
  <leader>01069nam0a22001571i 450 </leader>
  <controlfield tag="001">IT\ICCU\CNCE\062806</controlfield>
  <controlfield tag="005">20051207000000.0</controlfield>
  <datafield tag="100" ind1=" " ind2=" ">
    <subfield code="a">20051207d1599        0itac0103    ba</subfield>
  </datafield>
  <datafield tag="101" ind1=" " ind2=" ">
    <subfield code="a">ITA</subfield>
  </datafield>
  <datafield tag="102" ind1=" " ind2=" ">
    <subfield code="a">DE</subfield>
  </datafield>
  <datafield tag="200" ind1="1" ind2=" ">
    <subfield code="a">Illustres, aureae, solemnes, diuque exoptatae quaestionum variarum apud iuris utriusque interpretes controversarum decisiones et discussiones, ex iure caesareo, pontificio et saxonico ad praxin Camerae accomodatae ... per Ddn. Schneidewinum, M. Wesenbecium, Thomingium et alios ... exhibitae, quinque partibus comprehensae ... ac duplici quaestionum et rerum indice nec non praefatione de operis excellenti praestantia donatae</subfield>
  </datafield>
  <datafield tag="210" ind1=" " ind2=" ">
    <subfield code="a">Francofurti ad Moenum</subfield>
    <subfield code="c">ex officina Johannis Spiessij</subfield>
    <subfield code="d">sumtibus Johannis Theobaldi Schonwetteri</subfield>
    <subfield code="d">1599</subfield>
  </datafield>
  <datafield tag="215" ind1=" " ind2=" ">
    <subfield code="a">\24!, 54, 203, \20! c.</subfield>
    <subfield code="d">fol</subfield>
  </datafield>
  <datafield tag="300" ind1=" " ind2=" ">
    <subfield code="a">ANNULLATA  !!!!!    ̈straniera  !!!!((Titolo in caratteri rossi e neri, rom. greco e got</subfield>
  </datafield>
  <datafield tag="801" ind1=" " ind2="3">
    <subfield code="a">IT</subfield>
    <subfield code="b">ICCU</subfield>
    <subfield code="c">20201115</subfield>
  </datafield>
  <datafield tag="899" ind1=" " ind2=" ">
    <subfield code="a">Biblioteca del Dipartimento di diritto privato e storia del diritto dell&apos;Universit ̉degli studi di Milano. Milano</subfield>
    <subfield code="1">MI1334</subfield>
    <subfield code="2">USM L1</subfield>
  </datafield>
</record>
</collection>
